%% This BibTeX bibliography file was created using BibDesk.
%% http://bibdesk.sourceforge.net/


%% Created for Flip Tanedo at 2010-07-11 22:20:48 -0400 


%% Saved with string encoding Unicode (UTF-8) 



@article{Bekaert:fk,
	Abstract = {An extensive group-theoretical treatment of linear relativistic wave equations on Minkowski spacetime of arbitrary dimension D>2 is presented in these lecture notes. To start with, the one-to-one correspondence between linear relativistic wave equations and unitary representations of the isometry group is reviewed. In turn, the method of induced representations reduces the problem of classifying the representations of the Poincare group ISO(D-1,1) to the classication of the representations of the stability subgroups only. Therefore, an exhaustive treatment of the two most important classes of unitary irreducible representations, corresponding to massive and massless particles (the latter class decomposing in turn into the ``helicity'' and the "infinite-spin" representations) may be performed via the well-known representation theory of the orthogonal groups O(n) (with D-4<n<D). Finally, covariant wave equations are given for each unitary irreducible representation of the Poincare group with non-negative mass-squared. Tachyonic representations are also examined. All these steps are covered in many details and with examples. The present notes also include a self-contained review of the representation theory of the general linear and (in)homogeneous orthogonal groups in terms of Young diagrams.},
	Author = {Xavier Bekaert and Nicolas Boulanger},
	Date-Added = {2010-07-11 22:20:37 -0400},
	Date-Modified = {2010-07-11 22:20:37 -0400},
	Eprint = {hep-th/0611263v1},
	Title = {The unitary representations of the Poincare group in any spacetime dimension},
	Url = {http://arxiv.org/abs/hep-th/0611263v1},
	Bdsk-Url-1 = {http://arxiv.org/abs/hep-th/0611263v1}}

@misc{Osborn:Symmetries,
	Author = {Hugh Osborn},
	Date-Added = {2010-07-08 14:17:18 -0400},
	Date-Modified = {2010-07-08 14:18:04 -0400},
	Howpublished = {Lecture Notes.},
	Title = {Symmetries and Particle Physics},
	Url = {http://www.damtp.cam.ac.uk/user/ho/GNotes.pdf},
	Year = {2010},
	Bdsk-Url-1 = {http://www.damtp.cam.ac.uk/user/ho/GNotes.pdf}}

@article{Coleman:1967ad,
	Author = {Coleman, Sidney R. and Mandula, J.},
	Date-Added = {2009-07-25 22:20:37 -0400},
	Date-Modified = {2009-07-25 22:20:37 -0400},
	Doi = {10.1103/PhysRev.159.1251},
	Journal = {Phys. Rev.},
	Pages = {1251-1256},
	Slaccitation = {%%CITATION = PHRVA,159,1251;%%},
	Title = {{ALL POSSIBLE SYMMETRIES OF THE S MATRIX}},
	Volume = {159},
	Year = {1967},
	Bdsk-Url-1 = {http://dx.doi.org/10.1103/PhysRev.159.1251}}

@article{Luty:2005sn,
	Archiveprefix = {arXiv},
	Author = {Luty, Markus A.},
	Date-Added = {2009-07-25 21:59:51 -0400},
	Date-Modified = {2009-07-25 21:59:51 -0400},
	Eprint = {hep-th/0509029},
	Slaccitation = {%%CITATION = HEP-TH/0509029;%%},
	Title = {{2004 TASI lectures on supersymmetry breaking}},
	Year = {2005}}

@article{Burgess:2007zi,
	Author = {Burgess, C. P. and Moore, G. D.},
	Date-Added = {2009-07-19 16:10:19 -0400},
	Date-Modified = {2009-07-19 16:10:19 -0400},
	Note = {Cambridge, UK: Cambridge Univ. Pr. (2007) 542 p},
	Title = {{The standard model: A primer}}}

@article{Mohapatra:1986uf,
	Author = {Mohapatra, R. N.},
	Date-Added = {2009-07-19 16:09:14 -0400},
	Date-Modified = {2009-07-19 16:09:14 -0400},
	Note = {Berlin, Germany: Springer ( 1986) 309 P. ( Contemporary Physics)},
	Title = {{UNIFICATION AND SUPERSYMMETRY. THE FRONTIERS OF QUARK - LEPTON PHYSICS}}}

@book{Srednicki:QFT,
	Author = {Mark Srednicki},
	Date-Added = {2009-07-19 16:00:38 -0400},
	Date-Modified = {2009-07-19 16:01:09 -0400},
	Publisher = {{Cambridge University Press}},
	Title = {Quantum Field Theory},
	Year = {2007}}

@book{Zee:QFTnutshell,
	Author = {Anthony Zee},
	Date-Added = {2009-07-19 15:56:17 -0400},
	Date-Modified = {2009-07-19 15:57:51 -0400},
	Publisher = {Princeton University Press},
	Title = {Quantum Field Theory in a Nutshell},
	Year = {2003}}

@book{Banks:ModernQFT,
	Author = {Tom Banks},
	Date-Added = {2009-07-19 15:53:32 -0400},
	Date-Modified = {2009-07-19 15:59:06 -0400},
	Publisher = {Cambridge University Press},
	Title = {Modern Quantum Field Theory: A Concise Introduction},
	Year = {2008}}

@misc{nima:LowESUSY,
	Author = {Nima Arkani-Hamed},
	Note = {Summer School on Particle Physics, Cosmology and Strings},
	Title = {Introduction to Low Energy Supersymmetry},
	Url = {http://pirsa.org/07080007/},
	Year = 2007,
	Bdsk-Url-1 = {http://pirsa.org/07080007/}}

@article{Martin:1997ns,
	Archiveprefix = {arXiv},
	Author = {Martin, Stephen P.},
	Eprint = {hep-ph/9709356},
	Slaccitation = {%%CITATION = HEP-PH/9709356;%%},
	Title = {{A Supersymmetry Primer}},
	Year = {1997}}

@misc{quevedo,
	Author = {Fernando Quevedo},
	Howpublished = {lecture notes taken by Philip Tanedo},
	Note = {CASM `Part III' course},
	Publisher = {Department of Applied Mathematics and Theoretical Physics at Cambridge University},
	Title = {Supersymmetry and Extra Dimensions},
	Type = {Lent term lecture course.},
	Year = 2007}

@misc{csakilectures,
	Author = {Csaba Cs\'aki},
	Howpublished = {lecture notes taken by Philip Tanedo},
	Publisher = {Physics Department, Cornell University},
	Title = {Physics 7646: High Energy Particle Physics II},
	Type = {Spring semester lecture course.},
	Year = 2009}

@book{shifman,
	Author = {Kane, G. and Shifman, M.},
	Publisher = {World Scientific},
	Title = {The Supersymmetric World: The Beginnings of the Theory},
	Year = 2000}

@misc{hepthesis,
	Author = {Andy Buckley},
	Title = {The hepthesis {{\LaTeX}book} class},
	Year = 2007}

@misc{kile,
	Author = {Jeroen Wijnhout, Holger Danielsson, Brachet Pascal},
	Title = {KDE Integrated {\LaTeX} Environment},
	Url = {http://kile.sourceforge.net/},
	Year = 2006,
	Bdsk-Url-1 = {http://kile.sourceforge.net/}}

@misc{particlezoo,
	Author = {Julie Peasley},
	Title = {The Particle Zoo: Subatomic Particle Plushies},
	Url = {http://www.particlezoo.net},
	Year = 2008,
	Bdsk-Url-1 = {http://www.particlezoo.net}}

@misc{jaxodraw,
	Author = {Daniele Binosi and Lukas Theussl},
	Title = {JaxoDraw: Feynman Diagrams with JAVA 1.3-0},
	Url = {http://jaxodraw.sourceforge.net/},
	Year = 2006,
	Bdsk-Url-1 = {http://jaxodraw.sourceforge.net/}}

@misc{textmate,
	Author = {Micromates},
	Title = {TextMate: The Missing Editor},
	Url = {http://macromates.com/},
	Year = 2008,
	Bdsk-Url-1 = {http://macromates.com/}}

@article{Puchwein:2003jq,
	Archiveprefix = {arXiv},
	Author = {Puchwein, Martin and Kunszt, Zoltan},
	Doi = {10.1016/j.aop.2003.12.010},
	Eprint = {hep-th/0309069},
	Journal = {Annals Phys.},
	Pages = {288-313},
	Slaccitation = {%%CITATION = HEP-TH/0309069;%%},
	Title = {{Radiative corrections with 5D mixed position- / momentum- space propagators}},
	Volume = {311},
	Year = {2004},
	Bdsk-Url-1 = {http://dx.doi.org/10.1016/j.aop.2003.12.010}}

@article{spinorspanner,
	Author = {Bolker, Ethan D.},
	Copyright = {Copyright {\copyright} 1973 Mathematical Association of America},
	Issn = {00029890},
	Journal = {The American Mathematical Monthly},
	Number = {9},
	Pages = {977--984},
	Publisher = {Mathematical Association of America},
	Title = {The Spinor Spanner},
	Url = {http://www.jstor.org/stable/2318771},
	Volume = {80},
	Year = {1973},
	Bdsk-Url-1 = {http://www.jstor.org/stable/2318771}}

@misc{osborn,
	Author = {Osborn, Hugh and Gielen, Steffen},
	Note = {Lent term Part III course, Department of Applied Mathematics and Theoretical Physics, Cambridge University},
	Title = {Advanced Quantum Field Theory},
	Year = {2007}}

@misc{gutowski,
	Author = {Gutowski, Jan},
	Note = {Michaelmas term Part III course, Department of Applied Mathematics and Theoretical Physics, Cambridge University},
	Title = {Symmetries and Particle Physics},
	Year = {2007}}

@article{Stevenson:1980ga,
	Author = {Stevenson, Paul M.},
	Doi = {10.1016/0003-4916(81)90072-5},
	Journal = {Ann. Phys.},
	Pages = {383},
	Slaccitation = {%%CITATION = APNYA,132,383;%%},
	Title = {{DIMENSIONAL ANALYSIS IN FIELD THEORY: AN ELEMENTARY INTRODUCTION TO BROKEN SCALE INVARIANCE AND THE RENORMALIZATION GROUP EQUATIONS}},
	Volume = {132},
	Year = {1981},
	Bdsk-Url-1 = {http://dx.doi.org/10.1016/0003-4916(81)90072-5}}

@book{weinberg,
	Author = {Steven Weinberg},
	Publisher = {Cambridge University Press},
	Title = {The Quantum Theory of Fields, Vol I-III},
	Year = 2005}

@book{srednicki,
	Author = {Mark Srednicki},
	Publisher = {Cambridge University Press},
	Title = {Quantum Field Theory},
	Year = 2007}

@misc{hollowood,
	Author = {Tim Hollowood},
	Note = {Lecture Notes},
	Title = {Cut-offs and Continuum Limits: a Wilsonian Approach to Field Theory},
	Url = {http://pyweb.swan.ac.uk/~hollowood/},
	Year = {1998},
	Bdsk-Url-1 = {http://pyweb.swan.ac.uk/~hollowood/}}

@article{Dreiner:2008tw,
	Archiveprefix = {arXiv},
	Author = {Dreiner, Herbi K. and Haber, Howard E. and Martin, Stephen P.},
	Eprint = {0812.1594},
	Primaryclass = {hep-ph},
	Slaccitation = {%%CITATION = 0812.1594;%%},
	Title = {{Two-component spinor techniques and Feynman rules for quantum field theory and supersymmetry}},
	Year = {2008}}

@article{MullerKirsten:1986cw,
	Author = {Muller-Kirsten, H. J. W. and Wiedemann, A.},
	Note = {Print-86-0955 (KAISERSLAUTERN)},
	Title = {{SUPERSYMMETRY: AN INTRODUCTION WITH CONCEPTUAL AND CALCULATIONAL DETAILS}}}

@article{Polchinski:1998rr,
	Author = {Polchinski, J.},
	Note = {Cambridge, UK: Univ. Pr. (1998) 531 p},
	Title = {{String theory. Vol. 2: Superstring theory and beyond}}}

@article{Polchinski:1998rq,
	Author = {Polchinski, J.},
	Note = {Cambridge, UK: Univ. Pr. (1998) 402 p},
	Title = {{String theory. Vol. 1: An introduction to the bosonic string}}}

@article{Weinberg:2000cr,
	Author = {Weinberg, Steven},
	Note = {Cambridge, UK: Univ. Pr. (2000) 419 p},
	Title = {{The quantum theory of fields. Vol. 3: Supersymmetry}}}

@article{Weinberg:1996kr,
	Author = {Weinberg, Steven},
	Note = {Cambridge, UK: Univ. Pr. (1996) 489 p},
	Title = {{The quantum theory of fields. Vol. 2: Modern applications}}}

@article{Weinberg:1995mt,
	Author = {Weinberg, Steven},
	Note = {Cambridge, UK: Univ. Pr. (1995) 609 p},
	Title = {{The Quantum theory of fields. Vol. 1: Foundations}}}

@article{Salam:1974jj,
	Author = {Salam, Abdus and Strathdee, J. A.},
	Doi = {10.1103/PhysRevD.11.1521},
	Journal = {Phys. Rev.},
	Pages = {1521-1535},
	Slaccitation = {%%CITATION = PHRVA,D11,1521;%%},
	Title = {{On Superfields and Fermi-Bose Symmetry}},
	Volume = {D11},
	Year = {1975},
	Bdsk-Url-1 = {http://dx.doi.org/10.1103/PhysRevD.11.1521}}

@article{Salam:1974yz,
	Author = {Salam, Abdus and Strathdee, J. A.},
	Doi = {10.1016/0550-3213(74)90537-9},
	Journal = {Nucl. Phys.},
	Pages = {477-482},
	Slaccitation = {%%CITATION = NUPHA,B76,477;%%},
	Title = {{Supergauge Transformations}},
	Volume = {B76},
	Year = {1974},
	Bdsk-Url-1 = {http://dx.doi.org/10.1016/0550-3213(74)90537-9}}

@book{Buchbinder:1998qv,
	Author = {Buchbinder, I. L. and Kuzenko, S. M.},
	Note = {Bristol, UK: IOP (1998) 656 p},
	Title = {{Ideas and methods of supersymmetry and supergravity: Or a walk through superspace}}}

@article{Gieres:1988qp,
	Author = {Gieres, F.},
	Journal = {Lect. Notes Phys.},
	Pages = {1-189},
	Slaccitation = {%%CITATION = LNPHA,302,1;%%},
	Title = {{Geometry of Supersymmetric Gauge Theories: Including an Introduction to BRS Differential Algebras and Anomalies}},
	Volume = {302},
	Year = {1988}}

@book{DeWitt:1992cy,
	Author = {DeWitt, Bryce S.},
	Note = {Cambridge, UK: Univ. Pr. (1992) 407 p. (Cambridge monographs on mathematical physics). (2nd ed.),},
	Title = {{Supermanifolds}}}

@book{Binetruy:2006ad,
	Author = {Binetruy, P.},
	Note = {Oxford, UK: Oxford Univ. Pr. (2006) 520 p},
	Title = {{Supersymmetry: Theory, experiment and cosmology}}}

@book{Dine:2007zp,
	Author = {Dine, M.},
	Date-Modified = {2010-07-07 16:47:46 -0400},
	Note = {515 p},
	Publisher = {Cambridge University Press},
	Title = {{Supersymmetry and string theory: Beyond the standard model}},
	Year = {2007}}

@book{Wess:1992cp,
	Author = {Wess, J. and Bagger, J.},
	Note = {Princeton, USA: Univ. Pr. (1992) 259 p},
	Title = {{Supersymmetry and supergravity}}}

@article{nishi:1160,
	Author = {C. C. Nishi},
	Doi = {10.1119/1.2074087},
	Journal = {American Journal of Physics},
	Keywords = {SU(N) theory; matrix algebra; physics education},
	Number = {12},
	Pages = {1160-1163},
	Publisher = {AAPT},
	Title = {Simple derivation of general Fierz-type identities},
	Url = {http://link.aip.org/link/?AJP/73/1160/1},
	Volume = {73},
	Year = {2005},
	Bdsk-Url-1 = {http://link.aip.org/link/?AJP/73/1160/1},
	Bdsk-Url-2 = {http://dx.doi.org/10.1119/1.2074087}}

@article{Bailin:1994qt,
	Author = {Bailin, D. and Love, A.},
	Note = {Bristol, UK: IOP (1994) 322 p. (Graduate student series in physics)},
	Title = {{Supersymmetric gauge field theory and string theory}}}

@article{Haag:1974qh,
	Author = {Haag, Rudolf and Lopuszanski, Jan T. and Sohnius, Martin},
	Doi = {10.1016/0550-3213(75)90279-5},
	Journal = {Nucl. Phys.},
	Pages = {257},
	Slaccitation = {%%CITATION = NUPHA,B88,257;%%},
	Title = {{All Possible Generators of Supersymmetries of the s Matrix}},
	Volume = {B88},
	Year = {1975},
	Bdsk-Url-1 = {http://dx.doi.org/10.1016/0550-3213(75)90279-5}}

@book{Peskin:1995ev,
	Author = {Peskin, Michael Edward and Schroeder, Daniel V.},
	Date-Modified = {2009-07-19 15:53:43 -0400},
	Note = {Reading, USA: Addison-Wesley (1995) 842 p},
	Title = {{An Introduction to quantum field theory}}}

@misc{pauliquote,
	Author = {Ray Streater},
	Title = {Wolfgang Pauli, great theoretical physicist},
	Url = {http://www.mth.kcl.ac.uk/~streater/pauli.html},
	Year = 2000,
	Bdsk-Url-1 = {http://www.mth.kcl.ac.uk/~streater/pauli.html}}

@article{Csaki:2003sh,
	Archiveprefix = {arXiv},
	Author = {Csaki, Csaba and Grojean, Christophe and Hubisz, Jay and Shirman, Yuri and Terning, John},
	Doi = {10.1103/PhysRevD.70.015012},
	Eprint = {hep-ph/0310355},
	Journal = {Phys. Rev.},
	Pages = {015012},
	Slaccitation = {%%CITATION = HEP-PH/0310355;%%},
	Title = {{Fermions on an interval: Quark and lepton masses without a Higgs}},
	Volume = {D70},
	Year = {2004},
	Bdsk-Url-1 = {http://dx.doi.org/10.1103/PhysRevD.70.015012}}

@article{Csaki:2005vy,
	Archiveprefix = {arXiv},
	Author = {Csaki, Csaba and Hubisz, Jay and Meade, Patrick},
	Eprint = {hep-ph/0510275},
	Slaccitation = {%%CITATION = HEP-PH/0510275;%%},
	Title = {{Electroweak symmetry breaking from extra dimensions}},
	Year = {2005}}

@article{Csaki:2004ay,
	Archiveprefix = {arXiv},
	Author = {Csaki, Csaba},
	Eprint = {hep-ph/0404096},
	Slaccitation = {%%CITATION = HEP-PH/0404096;%%},
	Title = {{TASI lectures on extra dimensions and branes}},
	Year = {2004}}

@article{ArkaniHamed:1998rs,
	Archiveprefix = {arXiv},
	Author = {Arkani-Hamed, Nima and Dimopoulos, Savas and Dvali, G. R.},
	Doi = {10.1016/S0370-2693(98)00466-3},
	Eprint = {hep-ph/9803315},
	Journal = {Phys. Lett.},
	Pages = {263-272},
	Slaccitation = {%%CITATION = HEP-PH/9803315;%%},
	Title = {{The hierarchy problem and new dimensions at a millimeter}},
	Volume = {B429},
	Year = {1998},
	Bdsk-Url-1 = {http://dx.doi.org/10.1016/S0370-2693(98)00466-3}}

@article{Randall:1999vf,
	Archiveprefix = {arXiv},
	Author = {Randall, Lisa and Sundrum, Raman},
	Doi = {10.1103/PhysRevLett.83.4690},
	Eprint = {hep-th/9906064},
	Journal = {Phys. Rev. Lett.},
	Pages = {4690-4693},
	Slaccitation = {%%CITATION = HEP-TH/9906064;%%},
	Title = {{An alternative to compactification}},
	Volume = {83},
	Year = {1999},
	Bdsk-Url-1 = {http://dx.doi.org/10.1103/PhysRevLett.83.4690}}

@article{Randall:1999ee,
	Archiveprefix = {arXiv},
	Author = {Randall, Lisa and Sundrum, Raman},
	Doi = {10.1103/PhysRevLett.83.3370},
	Eprint = {hep-ph/9905221},
	Journal = {Phys. Rev. Lett.},
	Pages = {3370-3373},
	Slaccitation = {%%CITATION = HEP-PH/9905221;%%},
	Title = {{A large mass hierarchy from a small extra dimension}},
	Volume = {83},
	Year = {1999},
	Bdsk-Url-1 = {http://dx.doi.org/10.1103/PhysRevLett.83.3370}}

@article{Akama:1982jy,
	Archiveprefix = {arXiv},
	Author = {Akama, K.},
	Eprint = {hep-th/0001113},
	Journal = {Lect. Notes Phys.},
	Pages = {267-271},
	Slaccitation = {%%CITATION = HEP-TH/0001113;%%},
	Title = {{An early proposal of 'brane world'}},
	Volume = {176},
	Year = {1982}}

@article{Rubakov:1983bb,
	Author = {Rubakov, V. A. and Shaposhnikov, M. E.},
	Doi = {10.1016/0370-2693(83)91253-4},
	Journal = {Phys. Lett.},
	Pages = {136-138},
	Slaccitation = {%%CITATION = PHLTA,B125,136;%%},
	Title = {{Do We Live Inside a Domain Wall?}},
	Volume = {B125},
	Year = {1983},
	Bdsk-Url-1 = {http://dx.doi.org/10.1016/0370-2693(83)91253-4}}

@article{Sundrum:1998sj,
	Archiveprefix = {arXiv},
	Author = {Sundrum, Raman},
	Doi = {10.1103/PhysRevD.59.085009},
	Eprint = {hep-ph/9805471},
	Journal = {Phys. Rev.},
	Pages = {085009},
	Slaccitation = {%%CITATION = HEP-PH/9805471;%%},
	Title = {{Effective field theory for a three-brane universe}},
	Volume = {D59},
	Year = {1999},
	Bdsk-Url-1 = {http://dx.doi.org/10.1103/PhysRevD.59.085009}}

@article{Horava:1995qa,
	Archiveprefix = {arXiv},
	Author = {Horava, Petr and Witten, Edward},
	Doi = {10.1016/0550-3213(95)00621-4},
	Eprint = {hep-th/9510209},
	Journal = {Nucl. Phys.},
	Pages = {506-524},
	Slaccitation = {%%CITATION = HEP-TH/9510209;%%},
	Title = {{Heterotic and type I string dynamics from eleven dimensions}},
	Volume = {B460},
	Year = {1996},
	Bdsk-Url-1 = {http://dx.doi.org/10.1016/0550-3213(95)00621-4}}

@article{Witten:1996mz,
	Archiveprefix = {arXiv},
	Author = {Witten, Edward},
	Doi = {10.1016/0550-3213(96)00190-3},
	Eprint = {hep-th/9602070},
	Journal = {Nucl. Phys.},
	Pages = {135-158},
	Slaccitation = {%%CITATION = HEP-TH/9602070;%%},
	Title = {{Strong Coupling Expansion Of Calabi-Yau Compactification}},
	Volume = {B471},
	Year = {1996},
	Bdsk-Url-1 = {http://dx.doi.org/10.1016/0550-3213(96)00190-3}}

@article{Rattazzi:2003ea,
	Archiveprefix = {arXiv},
	Author = {Rattazzi, R.},
	Eprint = {hep-ph/0607055},
	Slaccitation = {%%CITATION = HEP-PH/0607055;%%},
	Title = {{Cargese lectures on extra dimensions}},
	Year = {2003}}

@article{GellMann:1964xy,
	Author = {Gell-Mann, Murray and Neemam, Yuval},
	Note = {Benjamin, W. A. (1964)},
	Title = {{The eightfold way: a review with a collection of reprints}}}

@article{nishijima:charge,
	Author = {Nishijima, K},
	Doi = {10.1143/ptp.13.285},
	Journal = {Progress of Theoretical Physics.},
	Pages = {285-304},
	Title = {{Charge Independence Theory of V Particles}},
	Volume = {13},
	Year = {1955},
	Bdsk-Url-1 = {http://dx.doi.org/10.1143/ptp.13.285}}

@article{gellmann:charge,
	Author = {Gell-Mann, Murray},
	Journal = {Nuovo Cim, Suppl.},
	Pages = {848},
	Volume = {4},
	Year = {1956}}

@article{Aldaya:1984gt,
	Author = {Aldaya, Victor and de Azcarraga, Jose A.},
	Doi = {10.1063/1.526896},
	Journal = {J. Math. Phys.},
	Pages = {1818},
	Slaccitation = {%%CITATION = JMAPA,26,1818;%%},
	Title = {{A NOTE ON THE MEANING OF COVARIANT DERIVATIVES IN SUPERSYMMETRY}},
	Volume = {26},
	Year = {1985},
	Bdsk-Url-1 = {http://dx.doi.org/10.1063/1.526896}}

@article{Galperin:2001uw,
	Author = {Galperin, A. S. and Ivanov, E. A. and Ogievetsky, V. I. and Sokatchev, E. S.},
	Note = {Cambridge, UK: Univ. Pr. (2001) 306 p},
	Title = {{Harmonic superspace}}}

@book{chengandli,
	Author = {Ta-Pei Cheng and Ling-Fong Li},
	Publisher = {Oxford University Press},
	Title = {Gauge Theory of Elementary Particle Physics},
	Year = 1988}

@article{Barbieri:2004qk,
	Archiveprefix = {arXiv},
	Author = {Barbieri, Riccardo and Pomarol, Alex and Rattazzi, Riccardo and Strumia, Alessandro},
	Doi = {10.1016/j.nuclphysb.2004.10.014},
	Eprint = {hep-ph/0405040},
	Journal = {Nucl. Phys.},
	Pages = {127-146},
	Slaccitation = {%%CITATION = HEP-PH/0405040;%%},
	Title = {{Electroweak symmetry breaking after LEP1 and LEP2}},
	Volume = {B703},
	Year = {2004},
	Bdsk-Url-1 = {http://dx.doi.org/10.1016/j.nuclphysb.2004.10.014}}

@article{Cacciapaglia:2006pk,
	Archiveprefix = {arXiv},
	Author = {Cacciapaglia, G. and Csaki, C. and Marandella, G. and Strumia, A.},
	Doi = {10.1103/PhysRevD.74.033011},
	Eprint = {hep-ph/0604111},
	Journal = {Phys. Rev.},
	Pages = {033011},
	Slaccitation = {%%CITATION = HEP-PH/0604111;%%},
	Title = {{The minimal set of electroweak precision parameters}},
	Volume = {D74},
	Year = {2006},
	Bdsk-Url-1 = {http://dx.doi.org/10.1103/PhysRevD.74.033011}}

@article{Han:2004az,
	Archiveprefix = {arXiv},
	Author = {Han, Zhenyu and Skiba, Witold},
	Doi = {10.1103/PhysRevD.71.075009},
	Eprint = {hep-ph/0412166},
	Journal = {Phys. Rev.},
	Pages = {075009},
	Slaccitation = {%%CITATION = HEP-PH/0412166;%%},
	Title = {{Effective theory analysis of precision electroweak data}},
	Volume = {D71},
	Year = {2005},
	Bdsk-Url-1 = {http://dx.doi.org/10.1103/PhysRevD.71.075009}}

@article{Buchmuller:1985jz,
	Author = {Buchmuller, W. and Wyler, D.},
	Doi = {10.1016/0550-3213(86)90262-2},
	Journal = {Nucl. Phys.},
	Pages = {621},
	Slaccitation = {%%CITATION = NUPHA,B268,621;%%},
	Title = {{Effective Lagrangian Analysis of New Interactions and Flavor Conservation}},
	Volume = {B268},
	Year = {1986},
	Bdsk-Url-1 = {http://dx.doi.org/10.1016/0550-3213(86)90262-2}}

@misc{Wells:SM1,
	Author = {James Wells},
	Eprint = {MCTP-07-27},
	Note = {Lectures at the Particle Physics, Cosmology and Strings Summer School at Perimeter Institute},
	Title = {Status of the Standard Model, Lecture 1},
	Url = {http://pirsa.org/07080004/},
	Year = 2007,
	Bdsk-Url-1 = {http://pirsa.org/07080004/}}

@misc{Wells:SM2,
	Author = {James Wells},
	Eprint = {MCTP-07-27},
	Note = {Lectures at the Particle Physics, Cosmology and Strings Summer School at Perimeter Institute},
	Title = {Status of the Standard Model, Lecture 2},
	Url = {http://pirsa.org/07080020/},
	Year = 2007,
	Bdsk-Url-1 = {http://pirsa.org/07080020/}}

@article{Coleman:1969sm,
	Author = {Coleman, Sidney R. and Wess, J. and Zumino, Bruno},
	Doi = {10.1103/PhysRev.177.2239},
	Journal = {Phys. Rev.},
	Pages = {2239-2247},
	Slaccitation = {%%CITATION = PHRVA,177,2239;%%},
	Title = {{Structure of phenomenological Lagrangians. 1}},
	Volume = {177},
	Year = {1969},
	Bdsk-Url-1 = {http://dx.doi.org/10.1103/PhysRev.177.2239}}

@article{Callan:1969sn,
	Author = {Callan, Curtis G. , Jr. and Coleman, Sidney R. and Wess, J. and Zumino, Bruno},
	Doi = {10.1103/PhysRev.177.2247},
	Journal = {Phys. Rev.},
	Pages = {2247-2250},
	Slaccitation = {%%CITATION = PHRVA,177,2247;%%},
	Title = {{Structure of phenomenological Lagrangians. 2}},
	Volume = {177},
	Year = {1969},
	Bdsk-Url-1 = {http://dx.doi.org/10.1103/PhysRev.177.2247}}

@book{aspectsofsymmetry,
	Asin = {0521318270},
	Author = {Sidney Coleman},
	Description = {Amazon.com: Aspects of Symmetry: Selected Erice Lectures: Sidney Coleman: Books},
	Dewey = {539.72},
	Ean = {9780521318273},
	Isbn = {0521318270},
	Keywords = {field particle physics quantum symmetry theory},
	Publisher = {Cambridge University Press},
	Title = {Aspects of Symmetry: Selected Erice Lectures},
	Url = {http://www.amazon.com/Aspects-Symmetry-Selected-Erice-Lectures/dp/0521318270%3FSubscriptionId%3D13CT5CVB80YFWJEPWS02%26tag%3Dws%26linkCode%3Dxm2%26camp%3D2025%26creative%3D165953%26creativeASIN%3D0521318270},
	Year = {1988},
	Bdsk-Url-1 = {http://www.amazon.com/Aspects-Symmetry-Selected-Erice-Lectures/dp/0521318270?SubscriptionId=13CT5CVB80YFWJEPWS02&tag=ws&linkCode=xm2&camp=2025&creative=165953&creativeASIN=0521318270}}

@book{Frankel:2004,
	Author = {Frankel, T.},
	Publisher = {Cambridge University Press},
	Title = {{The geometry of physics: An introduction, 2nd Ed}},
	Year = {2004}}

@book{JonesGroups,
	Author = {Jones, H. F.},
	Publisher = {Institute of Physics},
	Title = {{Groups, representations and physics, 2nd Ed}},
	Year = {1998}}

@article{Wigner:1939cj,
	Author = {Wigner, Eugene P.},
	Journal = {Annals Math.},
	Pages = {149-204},
	Slaccitation = {%%CITATION = ANMAA,40,149;%%},
	Title = {{On Unitary Representations of the Inhomogeneous Lorentz Group}},
	Volume = {40},
	Year = {1939}}

@book{Ryder:1996,
	Author = {Ryder, L. H.},
	Publisher = {{Cambridge University Press}},
	Title = {{Quantum Field Theory, 2nd Ed}},
	Year = {1996}}

@book{Sternberg:1994tw,
	Author = {Sternberg, S.},
	Publisher = {Cambridge, UK: Univ. Pr.},
	Title = {{Group theory and physics}},
	Year = {1994}}

@article{Straumann:2008kq,
	Archiveprefix = {arXiv},
	Author = {Straumann, Norbert},
	Eprint = {0809.4942},
	Primaryclass = {math-ph},
	Slaccitation = {%%CITATION = 0809.4942;%%},
	Title = {{Unitary Representations of the inhomogeneous Lorentz Group and their Significance in Quantum Physics}},
	Year = {2008}}
